<record><leader>00000cas a2200000 a 4500</leader><controlfield tag="001">12168866</controlfield><controlfield tag="008">850618d18931894ksuwr ne      0    0eng d</controlfield><datafield ind1=" " ind2=" " tag="010"><subfield code="a">sn 85031471 </subfield></datafield><datafield ind1=" " ind2=" " tag="040"><subfield code="a">KSH</subfield><subfield code="b">eng</subfield><subfield code="c">KSH</subfield><subfield code="d">NPT</subfield><subfield code="d">OCL</subfield><subfield code="d">OCLCQ</subfield></datafield><datafield ind1=" " ind2=" " tag="042"><subfield code="a">msc</subfield></datafield><datafield ind1="0" ind2="4" tag="245"><subfield code="a">The Edna news.</subfield></datafield><datafield ind1=" " ind2=" " tag="260"><subfield code="a">Edna, Kan. :</subfield><subfield code="b">A.C. Veach,</subfield><subfield code="c">1893-1894.</subfield></datafield><datafield ind1=" " ind2=" " tag="300"><subfield code="a">1 v. :</subfield><subfield code="b">ill. ;</subfield><subfield code="c">38-50 cm.</subfield></datafield><datafield ind1=" " ind2=" " tag="310"><subfield code="a">Weekly</subfield></datafield><datafield ind1="0" ind2=" " tag="362"><subfield code="a">Vol. 1, no. 1 (Oct. 28, 1893)-v. 1, no. 46 (Sept. 8, 1894).</subfield></datafield><datafield ind1=" " ind2=" " tag="752"><subfield code="a">United States</subfield><subfield code="b">Kansas</subfield><subfield code="c">Labette</subfield><subfield code="d">Edna.</subfield></datafield><datafield ind1="0" ind2="0" tag="780"><subfield code="t">Edna independent</subfield><subfield code="w">(DLC)sn 85031470</subfield></datafield></record>